<collection xmlns="http://www.loc.gov/MARC21/slim">
   <record>
      <leader>06666cam a2201021 a 4500</leader>
      <controlfield tag="001">6808077</controlfield>
      <controlfield tag="003">OCoLC</controlfield>
      <controlfield tag="005">20170331100908.5</controlfield>
      <controlfield tag="006">m     o  d        </controlfield>
      <controlfield tag="007">cr |n|||||||||</controlfield>
      <controlfield tag="008">140522t20152015maua    obj   001 0 eng d</controlfield>
      <datafield ind1=" " ind2=" " tag="020">
         <subfield code="a">9780674735545</subfield>
         <subfield code="q">(electronic book)</subfield>
      </datafield>
      <datafield ind1=" " ind2=" " tag="020">
         <subfield code="a">0674735544</subfield>
         <subfield code="q">(electronic book)</subfield>
      </datafield>
      <datafield ind1=" " ind2=" " tag="020">
         <subfield code="z">9780674368064</subfield>
         <subfield code="q">(hardback)</subfield>
      </datafield>
      <datafield ind1=" " ind2=" " tag="020">
         <subfield code="z">0674368061</subfield>
         <subfield code="q">(hardback)</subfield>
      </datafield>
      <datafield ind1="7" ind2=" " tag="024">
         <subfield code="a">10.4159/harvard.9780674735545</subfield>
         <subfield code="2">doi</subfield>
      </datafield>
      <datafield ind1=" " ind2=" " tag="035">
         <subfield code="a">ocn897599808</subfield>
      </datafield>
      <datafield ind1=" " ind2=" " tag="037">
         <subfield code="b">00011705</subfield>
      </datafield>
      <datafield ind1=" " ind2=" " tag="037">
         <subfield code="a">22573/ctt1349pz7</subfield>
         <subfield code="b">JSTOR</subfield>
      </datafield>
      <datafield ind1=" " ind2=" " tag="039">
         <subfield code="a">exclude</subfield>
      </datafield>
      <datafield ind1=" " ind2=" " tag="040">
         <subfield code="a">VT2</subfield>
         <subfield code="b">eng</subfield>
         <subfield code="e">pn</subfield>
         <subfield code="c">VT2</subfield>
         <subfield code="d">N$T</subfield>
         <subfield code="d">E7B</subfield>
         <subfield code="d">OCLCF</subfield>
         <subfield code="d">CUS</subfield>
         <subfield code="d">JSTOR</subfield>
         <subfield code="d">YDXCP</subfield>
         <subfield code="d">WAU</subfield>
         <subfield code="d">EBLCP</subfield>
         <subfield code="d">DEBSZ</subfield>
         <subfield code="d">OCLCQ</subfield>
         <subfield code="d">JBG</subfield>
         <subfield code="d">OCLCQ</subfield>
         <subfield code="d">OCLCO</subfield>
         <subfield code="d">IDB</subfield>
         <subfield code="d">AGLDB</subfield>
         <subfield code="d">AEU</subfield>
      </datafield>
      <datafield ind1=" " ind2=" " tag="043">
         <subfield code="a">n-us---</subfield>
      </datafield>
      <datafield ind1=" " ind2="4" tag="050">
         <subfield code="a">KF3116</subfield>
         <subfield code="b">.B43 2015</subfield>
      </datafield>
      <datafield ind1=" " ind2="7" tag="072">
         <subfield code="a">LAW</subfield>
         <subfield code="x">001000</subfield>
         <subfield code="2">bisacsh</subfield>
      </datafield>
      <datafield ind1=" " ind2="7" tag="072">
         <subfield code="a">HIS036040</subfield>
         <subfield code="2">bisacsh</subfield>
      </datafield>
      <datafield ind1=" " ind2="7" tag="072">
         <subfield code="a">LAW050020</subfield>
         <subfield code="2">bisacsh</subfield>
      </datafield>
      <datafield ind1=" " ind2="7" tag="072">
         <subfield code="a">LAW060000</subfield>
         <subfield code="2">bisacsh</subfield>
      </datafield>
      <datafield ind1="0" ind2="4" tag="082">
         <subfield code="a">346.7304/86</subfield>
         <subfield code="2">23</subfield>
      </datafield>
      <datafield ind1=" " ind2=" " tag="090">
         <subfield code="a">Internet Access</subfield>
         <subfield code="b">AEU</subfield>
      </datafield>
      <datafield ind1=" " ind2=" " tag="090">
         <subfield code="a">Internet Access</subfield>
         <subfield code="b">AEC</subfield>
      </datafield>
      <datafield ind1=" " ind2=" " tag="090">
         <subfield code="a">Internet Access</subfield>
         <subfield code="b">AEE</subfield>
      </datafield>
      <datafield ind1=" " ind2=" " tag="090">
         <subfield code="a">Internet Access</subfield>
         <subfield code="b">AEGMCT</subfield>
      </datafield>
      <datafield ind1=" " ind2=" " tag="090">
         <subfield code="a">Internet Access</subfield>
         <subfield code="b">AEKC</subfield>
      </datafield>
      <datafield ind1=" " ind2=" " tag="090">
         <subfield code="a">Internet Access</subfield>
         <subfield code="b">AEU</subfield>
      </datafield>
      <datafield ind1=" " ind2=" " tag="090">
         <subfield code="a">Internet Access</subfield>
         <subfield code="b">AFMK</subfield>
      </datafield>
      <datafield ind1=" " ind2=" " tag="090">
         <subfield code="a">Internet Access</subfield>
         <subfield code="b">AGPC</subfield>
      </datafield>
      <datafield ind1=" " ind2=" " tag="090">
         <subfield code="a">Internet Access</subfield>
         <subfield code="b">AOAC</subfield>
      </datafield>
      <datafield ind1=" " ind2=" " tag="090">
         <subfield code="a">Internet Access</subfield>
         <subfield code="b">ASAV</subfield>
      </datafield>
      <datafield ind1="1" ind2=" " tag="100">
         <subfield code="a">Beauchamp, Christopher,</subfield>
         <subfield code="d">1977-</subfield>
         <subfield code="e">author.</subfield>
         <subfield code="0">http://id.loc.gov/authorities/names/n2014017008</subfield>
         <subfield code="0">http://viaf.org/viaf/161391555</subfield>
      </datafield>
      <datafield ind1="1" ind2="0" tag="245">
         <subfield code="a">Invented by law :</subfield>
         <subfield code="b">Alexander Graham Bell and the patent that changed America /</subfield>
         <subfield code="c">Christopher Beauchamp.</subfield>
      </datafield>
      <datafield ind1="3" ind2="0" tag="246">
         <subfield code="a">Alexander Graham Bell and the patent that changed America</subfield>
      </datafield>
      <datafield ind1=" " ind2="1" tag="264">
         <subfield code="a">Cambridge, Massachusetts :</subfield>
         <subfield code="b">Harvard University Press,</subfield>
         <subfield code="c">2015.</subfield>
      </datafield>
      <datafield ind1=" " ind2=" " tag="300">
         <subfield code="a">1 online resource (272 pages) :</subfield>
         <subfield code="b">illustrations</subfield>
      </datafield>
      <datafield ind1=" " ind2=" " tag="336">
         <subfield code="a">text</subfield>
         <subfield code="b">txt</subfield>
         <subfield code="2">rdacontent</subfield>
         <subfield code="0">http://id.loc.gov/vocabulary/contentTypes/txt</subfield>
      </datafield>
      <datafield ind1=" " ind2=" " tag="337">
         <subfield code="a">computer</subfield>
         <subfield code="b">c</subfield>
         <subfield code="2">rdamedia</subfield>
         <subfield code="0">http://id.loc.gov/vocabulary/mediaTypes/c</subfield>
      </datafield>
      <datafield ind1=" " ind2=" " tag="338">
         <subfield code="a">online resource</subfield>
         <subfield code="b">cr</subfield>
         <subfield code="2">rdacarrier</subfield>
         <subfield code="0">http://id.loc.gov/vocabulary/carriers/cr</subfield>
      </datafield>
      <datafield ind1=" " ind2=" " tag="504">
         <subfield code="a">Includes bibliographical references and index.</subfield>
      </datafield>
      <datafield ind1=" " ind2=" " tag="506">
         <subfield code="a">Access restricted to authorized users and institutions.</subfield>
      </datafield>
      <datafield ind1="0" ind2=" " tag="588">
         <subfield code="a">Print version record.</subfield>
      </datafield>
      <datafield ind1=" " ind2=" " tag="596">
         <subfield code="a">1 8 11 21 31 33 44 57 60</subfield>
      </datafield>
      <datafield ind1="1" ind2="0" tag="600">
         <subfield code="a">Bell, Alexander Graham,</subfield>
         <subfield code="d">1847-1922.</subfield>
         <subfield code="0">http://id.loc.gov/authorities/names/n79113947</subfield>
      </datafield>
      <datafield ind1="1" ind2="7" tag="600">
         <subfield code="a">Bell, Alexander Graham,</subfield>
         <subfield code="d">1847-1922.</subfield>
         <subfield code="2">fast</subfield>
         <subfield code="0">http://id.worldcat.org/fast/00043571</subfield>
      </datafield>
      <datafield ind1=" " ind2="0" tag="650">
         <subfield code="a">Patent laws and legislation</subfield>
         <subfield code="z">United States</subfield>
         <subfield code="x">History.</subfield>
      </datafield>
      <datafield ind1=" " ind2="0" tag="650">
         <subfield code="a">Telecommunication</subfield>
         <subfield code="v">Patents.</subfield>
         <subfield code="0">http://id.loc.gov/authorities/subjects/sh85133283</subfield>
      </datafield>
      <datafield ind1=" " ind2="0" tag="650">
         <subfield code="a">Telecommunication</subfield>
         <subfield code="x">Law and legislation</subfield>
         <subfield code="z">United States.</subfield>
         <subfield code="0">http://id.loc.gov/authorities/subjects/sh2008112725</subfield>
      </datafield>
      <datafield ind1=" " ind2="0" tag="650">
         <subfield code="a">Patents</subfield>
         <subfield code="z">United States</subfield>
         <subfield code="x">History.</subfield>
      </datafield>
      <datafield ind1=" " ind2="0" tag="650">
         <subfield code="a">Inventors</subfield>
         <subfield code="z">United States</subfield>
         <subfield code="x">History.</subfield>
      </datafield>
      <datafield ind1=" " ind2="7" tag="650">
         <subfield code="a">Inventors.</subfield>
         <subfield code="2">fast</subfield>
         <subfield code="0">http://id.worldcat.org/fast/00978052</subfield>
      </datafield>
      <datafield ind1=" " ind2="7" tag="650">
         <subfield code="a">Patent laws and legislation.</subfield>
         <subfield code="2">fast</subfield>
         <subfield code="0">http://id.worldcat.org/fast/01054823</subfield>
      </datafield>
      <datafield ind1=" " ind2="7" tag="650">
         <subfield code="a">Patents.</subfield>
         <subfield code="2">fast</subfield>
         <subfield code="0">http://id.worldcat.org/fast/01054862</subfield>
      </datafield>
      <datafield ind1=" " ind2="7" tag="650">
         <subfield code="a">Telecommunication.</subfield>
         <subfield code="2">fast</subfield>
         <subfield code="0">http://id.worldcat.org/fast/01145830</subfield>
      </datafield>
      <datafield ind1=" " ind2="7" tag="650">
         <subfield code="a">Telecommunication</subfield>
         <subfield code="x">Law and legislation.</subfield>
         <subfield code="2">fast</subfield>
         <subfield code="0">http://id.worldcat.org/fast/01145888</subfield>
      </datafield>
      <datafield ind1=" " ind2="7" tag="651">
         <subfield code="a">United States.</subfield>
         <subfield code="2">fast</subfield>
         <subfield code="0">http://id.worldcat.org/fast/01204155</subfield>
      </datafield>
      <datafield ind1=" " ind2="7" tag="655">
         <subfield code="a">History.</subfield>
         <subfield code="2">fast</subfield>
         <subfield code="0">http://id.worldcat.org/fast/01411628</subfield>
      </datafield>
      <datafield ind1=" " ind2="7" tag="655">
         <subfield code="a">Patents.</subfield>
         <subfield code="2">fast</subfield>
         <subfield code="0">http://id.worldcat.org/fast/01423842</subfield>
      </datafield>
      <datafield ind1=" " ind2=" " tag="758">
         <subfield code="0">http://worldcat.org/entity/work/id/354571720</subfield>
      </datafield>
      <datafield ind1="4" ind2="0" tag="856">
         <subfield code="3">University of Alberta Access</subfield>
         <subfield code="u">http://www.degruyter.com/isbn/9780674735545</subfield>
         <subfield code="z">(Unlimited Concurrent Users)</subfield>
         <subfield code="z">from Harvard University Press</subfield>
      </datafield>
      <datafield ind1="4" ind2="0" tag="856">
         <subfield code="3">Alberta Government Library Access</subfield>
         <subfield code="u">http://search.ebscohost.com/login.aspx?direct=true&amp;scope=site&amp;db=e000xna&amp;AN=781899</subfield>
         <subfield code="z">(Unlimited Concurrent Users)</subfield>
         <subfield code="z">from EBSCO Academic Collection</subfield>
      </datafield>
      <datafield ind1="4" ind2="0" tag="856">
         <subfield code="3">Concordia University of Edmonton Access</subfield>
         <subfield code="u">http://search.ebscohost.com/login.aspx?direct=true&amp;scope=site&amp;db=e000xna&amp;AN=781899</subfield>
         <subfield code="z">(Unlimited Concurrent Users)</subfield>
         <subfield code="z">from EBSCO Academic Collection</subfield>
      </datafield>
      <datafield ind1="4" ind2="0" tag="856">
         <subfield code="3">Grande Prairie Regional College Access</subfield>
         <subfield code="u">http://search.ebscohost.com/login.aspx?direct=true&amp;scope=site&amp;db=e000xna&amp;AN=781899</subfield>
         <subfield code="z">(Unlimited Concurrent Users)</subfield>
         <subfield code="z">from EBSCO Academic Collection</subfield>
      </datafield>
      <datafield ind1="4" ind2="0" tag="856">
         <subfield code="3">Keyano College Access</subfield>
         <subfield code="u">http://search.ebscohost.com/login.aspx?direct=true&amp;scope=site&amp;db=e000xna&amp;AN=781899</subfield>
         <subfield code="z">(Unlimited Concurrent Users)</subfield>
         <subfield code="z">from EBSCO Academic Collection</subfield>
      </datafield>
      <datafield ind1="4" ind2="0" tag="856">
         <subfield code="3">King's University Access</subfield>
         <subfield code="u">http://search.ebscohost.com/login.aspx?direct=true&amp;scope=site&amp;db=e000xna&amp;AN=781899</subfield>
         <subfield code="z">(Unlimited Concurrent Users)</subfield>
         <subfield code="z">from EBSCO Academic Collection</subfield>
      </datafield>
      <datafield ind1="4" ind2="0" tag="856">
         <subfield code="3">MacEwan University Access</subfield>
         <subfield code="u">http://search.ebscohost.com/login.aspx?direct=true&amp;scope=site&amp;db=e000xna&amp;AN=781899</subfield>
         <subfield code="z">(Unlimited Concurrent Users)</subfield>
         <subfield code="z">from EBSCO Academic Collection</subfield>
      </datafield>
      <datafield ind1="4" ind2="0" tag="856">
         <subfield code="3">Northern Lakes College Access</subfield>
         <subfield code="u">http://search.ebscohost.com/login.aspx?direct=true&amp;scope=site&amp;db=e000xna&amp;AN=781899</subfield>
         <subfield code="z">(Unlimited Concurrent Users)</subfield>
         <subfield code="z">from EBSCO Academic Collection</subfield>
      </datafield>
      <datafield ind1="4" ind2="0" tag="856">
         <subfield code="3">Olds College Access</subfield>
         <subfield code="u">http://search.ebscohost.com/login.aspx?direct=true&amp;scope=site&amp;db=e000xna&amp;AN=781899</subfield>
         <subfield code="z">(Unlimited Concurrent Users)</subfield>
         <subfield code="z">from EBSCO Academic Collection</subfield>
      </datafield>
      <datafield ind1="4" ind2="0" tag="856">
         <subfield code="3">University of Alberta Access</subfield>
         <subfield code="u">http://search.ebscohost.com/login.aspx?direct=true&amp;scope=site&amp;db=e000xna&amp;AN=781899</subfield>
         <subfield code="z">(Unlimited Concurrent Users)</subfield>
         <subfield code="z">from EBSCO Academic Collection</subfield>
      </datafield>
      <datafield ind1=" " ind2=" " tag="949">
         <subfield code="h">UAIN</subfield>
         <subfield code="z">HUP</subfield>
      </datafield>
      <datafield ind1=" " ind2=" " tag="926">
         <subfield code="a">Internet Access</subfield>
         <subfield code="w">LC</subfield>
         <subfield code="c">2</subfield>
         <subfield code="i">6808077-1002</subfield>
         <subfield code="l">INTERNET</subfield>
         <subfield code="m">UAINTERNET</subfield>
         <subfield code="r">Y</subfield>
         <subfield code="s">Y</subfield>
         <subfield code="t">E-RESOURCE</subfield>
         <subfield code="u">10/31/2016</subfield>
         <subfield code="x">E-BOOK</subfield>
         <subfield code="z">EBSCO</subfield>
      </datafield>
      <datafield ind1=" " ind2=" " tag="926">
         <subfield code="a">Internet Access</subfield>
         <subfield code="w">LC</subfield>
         <subfield code="c">3</subfield>
         <subfield code="i">6808077-1003</subfield>
         <subfield code="l">INTERNET</subfield>
         <subfield code="m">UAINTERNET</subfield>
         <subfield code="r">Y</subfield>
         <subfield code="s">Y</subfield>
         <subfield code="t">E-RESOURCE</subfield>
         <subfield code="u">4/5/2017</subfield>
         <subfield code="x">E-BOOK</subfield>
         <subfield code="z">HUP</subfield>
      </datafield>
      <datafield ind1=" " ind2=" " tag="926">
         <subfield code="a">Internet Access</subfield>
         <subfield code="w">LC</subfield>
         <subfield code="c">1</subfield>
         <subfield code="i">6808077-2001</subfield>
         <subfield code="l">INTERNET</subfield>
         <subfield code="m">AGINTERNET</subfield>
         <subfield code="r">Y</subfield>
         <subfield code="s">Y</subfield>
         <subfield code="t">E-RESOURCE</subfield>
         <subfield code="u">10/31/2016</subfield>
         <subfield code="x">E-BOOK</subfield>
         <subfield code="z">EBSCOAGL</subfield>
      </datafield>
      <datafield ind1=" " ind2=" " tag="926">
         <subfield code="a">Internet Access</subfield>
         <subfield code="w">LC</subfield>
         <subfield code="c">1</subfield>
         <subfield code="i">6808077-3001</subfield>
         <subfield code="l">INTERNET</subfield>
         <subfield code="m">CONCORDIA</subfield>
         <subfield code="r">Y</subfield>
         <subfield code="s">Y</subfield>
         <subfield code="t">E-RESOURCE</subfield>
         <subfield code="u">10/31/2016</subfield>
         <subfield code="x">E-BOOK</subfield>
         <subfield code="z">EBSCOCON</subfield>
      </datafield>
      <datafield ind1=" " ind2=" " tag="926">
         <subfield code="a">Internet Access</subfield>
         <subfield code="w">LC</subfield>
         <subfield code="c">1</subfield>
         <subfield code="i">6808077-4001</subfield>
         <subfield code="l">INTERNET</subfield>
         <subfield code="m">GPRC_INT</subfield>
         <subfield code="r">Y</subfield>
         <subfield code="s">Y</subfield>
         <subfield code="t">E-RESOURCE</subfield>
         <subfield code="u">10/31/2016</subfield>
         <subfield code="x">E-BOOK</subfield>
         <subfield code="z">EBSCOGP</subfield>
      </datafield>
      <datafield ind1=" " ind2=" " tag="926">
         <subfield code="a">Internet Access</subfield>
         <subfield code="w">LC</subfield>
         <subfield code="c">1</subfield>
         <subfield code="i">6808077-5001</subfield>
         <subfield code="l">INTERNET</subfield>
         <subfield code="m">KEYANO</subfield>
         <subfield code="r">Y</subfield>
         <subfield code="s">Y</subfield>
         <subfield code="t">E-RESOURCE</subfield>
         <subfield code="u">10/31/2016</subfield>
         <subfield code="x">E-BOOK</subfield>
         <subfield code="z">EBSCOKEY</subfield>
      </datafield>
      <datafield ind1=" " ind2=" " tag="926">
         <subfield code="a">Internet Access</subfield>
         <subfield code="w">LC</subfield>
         <subfield code="c">1</subfield>
         <subfield code="i">6808077-6001</subfield>
         <subfield code="l">INTERNET</subfield>
         <subfield code="m">KINGS</subfield>
         <subfield code="r">Y</subfield>
         <subfield code="s">Y</subfield>
         <subfield code="t">E-RESOURCE</subfield>
         <subfield code="u">10/31/2016</subfield>
         <subfield code="x">E-BOOK</subfield>
         <subfield code="z">EBSCOKI</subfield>
      </datafield>
      <datafield ind1=" " ind2=" " tag="926">
         <subfield code="a">Internet Access</subfield>
         <subfield code="w">LC</subfield>
         <subfield code="c">1</subfield>
         <subfield code="i">6808077-7001</subfield>
         <subfield code="l">INTERNET</subfield>
         <subfield code="m">GR_MAC_INT</subfield>
         <subfield code="r">Y</subfield>
         <subfield code="s">Y</subfield>
         <subfield code="t">E-RESOURCE</subfield>
         <subfield code="u">10/31/2016</subfield>
         <subfield code="x">E-BOOK</subfield>
         <subfield code="z">EBSCOGM</subfield>
      </datafield>
      <datafield ind1=" " ind2=" " tag="926">
         <subfield code="a">Internet Access</subfield>
         <subfield code="w">LC</subfield>
         <subfield code="c">1</subfield>
         <subfield code="i">6808077-8001</subfield>
         <subfield code="l">INTERNET</subfield>
         <subfield code="m">OLDS</subfield>
         <subfield code="r">Y</subfield>
         <subfield code="s">Y</subfield>
         <subfield code="t">E-RESOURCE</subfield>
         <subfield code="u">10/31/2016</subfield>
         <subfield code="x">E-BOOK</subfield>
         <subfield code="z">EBSCOOLD</subfield>
      </datafield>
      <datafield ind1=" " ind2=" " tag="926">
         <subfield code="a">Internet Access</subfield>
         <subfield code="w">LC</subfield>
         <subfield code="c">1</subfield>
         <subfield code="i">6808077-9001</subfield>
         <subfield code="l">INTERNET</subfield>
         <subfield code="m">NLC_INT</subfield>
         <subfield code="r">Y</subfield>
         <subfield code="s">Y</subfield>
         <subfield code="t">E-RESOURCE</subfield>
         <subfield code="u">3/22/2017</subfield>
         <subfield code="x">E-BOOK</subfield>
         <subfield code="z">EBSCONLC</subfield>
      </datafield>
      <datafield ind1="0" ind2=" " tag="787">
         <subfield code="n">OCLC Work Id</subfield>
         <subfield code="o">http://worldcat.org/entity/work/id/354571720</subfield>
      </datafield>
   </record>
</collection>
